<?xml version="1.0" encoding="UTF-8"?><collection xmlns="http://www.loc.gov/MARC21/slim"><record><leader>00441nam--2200145-i-4500</leader><controlfield tag="001">000015427</controlfield><controlfield tag="002">20161230</controlfield><controlfield tag="005">20170304191047</controlfield><controlfield tag="008">060222s1000------------r-----000-0-eng-d</controlfield><datafield ind1=" " ind2=" " tag="100"><subfield code="a">Dumitru, Spiridon</subfield></datafield><datafield ind1=" " ind2=" " tag="245"><subfield code="a">Microfizica.Probleme rezolvate si o analiza critica a chestiunii semnificatiei relatiilor de incertitudine</subfield></datafield><datafield ind1=" " ind2=" " tag="260"><subfield code="a">Cluj-Napoca</subfield><subfield code="b">Ed.Dacia</subfield><subfield code="c">1984</subfield></datafield><datafield ind1=" " ind2=" " tag="300"><subfield code="a">288 p</subfield></datafield><datafield ind1=" " ind2=" " tag="852"><subfield code="a">530.145:539.12</subfield></datafield><datafield ind1=" " ind2=" " tag="CAT"><subfield code="a">SYS</subfield><subfield code="c">20170304</subfield><subfield code="h">191047</subfield></datafield></record></collection>